
<record>
  <leader>01706cam a22003377i 4500</leader>
  <controlfield tag="001">19405998</controlfield>
  <controlfield tag="005">20200103121307.0</controlfield>
  <controlfield tag="008">161213s2015    mx a          000 j spa  </controlfield>
  <datafield tag="906" ind1=" " ind2=" ">
    <subfield code="a">7</subfield>
    <subfield code="b">cbc</subfield>
    <subfield code="c">origres</subfield>
    <subfield code="d">4</subfield>
    <subfield code="e">ncip</subfield>
    <subfield code="f">20</subfield>
    <subfield code="g">y-gencatlg</subfield>
  </datafield>
  <datafield tag="925" ind1="0" ind2=" ">
    <subfield code="a">acquire</subfield>
    <subfield code="b">1 shelf copy</subfield>
    <subfield code="x">policy default</subfield>
  </datafield>
  <datafield tag="955" ind1=" " ind2=" ">
    <subfield code="b">bf27 2016-12-13 z-processor to ALAWE/MCAC</subfield>
    <subfield code="h">bf27 2017-02-07 (overtime) to CALM</subfield>
  </datafield>
  <datafield tag="010" ind1=" " ind2=" ">
    <subfield code="a">  2016485522</subfield>
  </datafield>
  <datafield tag="020" ind1=" " ind2=" ">
    <subfield code="a">9786078267590</subfield>
  </datafield>
  <datafield tag="020" ind1=" " ind2=" ">
    <subfield code="a">6078267590</subfield>
  </datafield>
  <datafield tag="035" ind1=" " ind2=" ">
    <subfield code="a">(OCoLC)ocn953203438</subfield>
  </datafield>
  <datafield tag="040" ind1=" " ind2=" ">
    <subfield code="a">DLC</subfield>
    <subfield code="b">eng</subfield>
    <subfield code="e">rda</subfield>
    <subfield code="c">DLC</subfield>
  </datafield>
  <datafield tag="041" ind1="1" ind2=" ">
    <subfield code="a">spa</subfield>
    <subfield code="a">myn</subfield>
    <subfield code="h">spa</subfield>
  </datafield>
  <datafield tag="050" ind1="0" ind2="0">
    <subfield code="a">MLCS 2017/41052 (P)</subfield>
  </datafield>
  <datafield tag="100" ind1="1" ind2=" ">
    <subfield code="a">Cetina Aguilar, Anacleto,</subfield>
    <subfield code="d">1941-</subfield>
    <subfield code="e">author.</subfield>
  </datafield>
  <datafield tag="245" ind1="1" ind2="0">
    <subfield code="a">Cuentos de misterio =</subfield>
    <subfield code="b">U tsikbali mukul talan : uti&apos;al paalal nuxi&apos; puksi&apos;ik&apos;al yaan ti&apos;ob yéetel uti&apos;al xan nukuch máako&apos;ob u puksil&apos;ik&apos;al paal yaan ti&apos;ob /</subfield>
    <subfield code="c">Aj ka&apos;ansaj Anacleto Cetina Aguilar.</subfield>
  </datafield>
  <datafield tag="246" ind1="3" ind2="1">
    <subfield code="a">U tsikbali mukul talan</subfield>
  </datafield>
  <datafield tag="250" ind1=" " ind2=" ">
    <subfield code="a">Primera edición.</subfield>
  </datafield>
  <datafield tag="264" ind1=" " ind2="1">
    <subfield code="a">Mérida, Yucatán, México :</subfield>
    <subfield code="b">Secretaría de la Cultura y las Artes ;</subfield>
    <subfield code="a">[México DF] :</subfield>
    <subfield code="b">Consejo Nacional para la Cultura y las Artes,</subfield>
    <subfield code="c">2015.</subfield>
  </datafield>
  <datafield tag="300" ind1=" " ind2=" ">
    <subfield code="a">156 pages :</subfield>
    <subfield code="b">illustrations ;</subfield>
    <subfield code="c">22 cm</subfield>
  </datafield>
  <datafield tag="336" ind1=" " ind2=" ">
    <subfield code="a">text</subfield>
    <subfield code="b">txt</subfield>
    <subfield code="2">rdacontent</subfield>
  </datafield>
  <datafield tag="337" ind1=" " ind2=" ">
    <subfield code="a">unmediated</subfield>
    <subfield code="b">n</subfield>
    <subfield code="2">rdamedia</subfield>
  </datafield>
  <datafield tag="338" ind1=" " ind2=" ">
    <subfield code="a">volume</subfield>
    <subfield code="b">nc</subfield>
    <subfield code="2">rdacarrier</subfield>
  </datafield>
  <datafield tag="500" ind1=" " ind2=" ">
    <subfield code="a">&quot;Libro Abierto Popul Vuh&quot;--Cover.</subfield>
  </datafield>
  <datafield tag="546" ind1=" " ind2=" ">
    <subfield code="a">Spanish and Mayan.</subfield>
  </datafield>
  <datafield tag="500" ind1=" " ind2=" ">
    <subfield code="a">Short stories.</subfield>
  </datafield>
  <datafield tag="505" ind1="0" ind2=" ">
    <subfield code="a">Misa de medianoche -- Mi primera maestra -- La despedida de la tía -- El K&apos;eex -- El aviso del viaje -- Eleuterio Ché -- Guardianes digusos -- El baile -- U miisail chúumuk áak&apos;ab -- In yáax xka&apos;ansaj -- U ts&apos;okxíimbal in xkiit -- K&apos;eex -- Kóoj ti&apos;ba&apos;ax ku taal u k&apos;iin -- J&apos;Elut Ché -- Sa&apos;asáaw ajkanano&apos;ob -- Óok&apos;ot.</subfield>
  </datafield>
</record>