
<record>
  <leader>02368cam a22003495i 4500</leader>
  <controlfield tag="001">19407158</controlfield>
  <controlfield tag="005">20200103112021.0</controlfield>
  <controlfield tag="008">161214s2016    wea      b    001 0beng  </controlfield>
  <datafield tag="906" ind1=" " ind2=" ">
    <subfield code="a">0</subfield>
    <subfield code="b">ibc</subfield>
    <subfield code="c">origres</subfield>
    <subfield code="d">2</subfield>
    <subfield code="e">ncip</subfield>
    <subfield code="f">20</subfield>
    <subfield code="g">y-gencatlg</subfield>
  </datafield>
  <datafield tag="925" ind1="0" ind2=" ">
    <subfield code="a">acquire</subfield>
    <subfield code="b">1 shelf copy</subfield>
    <subfield code="x">policy default</subfield>
  </datafield>
  <datafield tag="955" ind1=" " ind2=" ">
    <subfield code="b">xk25 2016-12-14</subfield>
    <subfield code="b">xk01 2019-07-09 z-processor</subfield>
    <subfield code="i">xk34 2020-01-02 to review</subfield>
  </datafield>
  <datafield tag="010" ind1=" " ind2=" ">
    <subfield code="a">  2016479861</subfield>
  </datafield>
  <datafield tag="020" ind1=" " ind2=" ">
    <subfield code="a">9781742588216</subfield>
    <subfield code="q">(paperback)</subfield>
  </datafield>
  <datafield tag="040" ind1=" " ind2=" ">
    <subfield code="a">DLC</subfield>
    <subfield code="b">eng</subfield>
    <subfield code="e">rda</subfield>
    <subfield code="c">DLC</subfield>
    <subfield code="d">DLC</subfield>
  </datafield>
  <datafield tag="042" ind1=" " ind2=" ">
    <subfield code="a">pcc</subfield>
  </datafield>
  <datafield tag="043" ind1=" " ind2=" ">
    <subfield code="a">u-at---</subfield>
  </datafield>
  <datafield tag="050" ind1="0" ind2="0">
    <subfield code="a">PR9619.3.W7</subfield>
    <subfield code="b">Z54 2016</subfield>
  </datafield>
  <datafield tag="082" ind1="0" ind2="0">
    <subfield code="a">821/.914</subfield>
    <subfield code="2">23</subfield>
  </datafield>
  <datafield tag="100" ind1="1" ind2=" ">
    <subfield code="a">Arnott, Georgina,</subfield>
    <subfield code="e">author.</subfield>
  </datafield>
  <datafield tag="245" ind1="1" ind2="4">
    <subfield code="a">The unknown Judith Wright /</subfield>
    <subfield code="c">Georgina Arnott.</subfield>
  </datafield>
  <datafield tag="264" ind1=" " ind2="1">
    <subfield code="a">Crawley, Western Australia :</subfield>
    <subfield code="b">UWA Publishing,</subfield>
    <subfield code="c">2016.</subfield>
  </datafield>
  <datafield tag="300" ind1=" " ind2=" ">
    <subfield code="a">viii, 293 pages ;</subfield>
    <subfield code="c">24 cm</subfield>
  </datafield>
  <datafield tag="336" ind1=" " ind2=" ">
    <subfield code="a">text</subfield>
    <subfield code="b">txt</subfield>
    <subfield code="2">rdacontent</subfield>
  </datafield>
  <datafield tag="337" ind1=" " ind2=" ">
    <subfield code="a">unmediated</subfield>
    <subfield code="b">n</subfield>
    <subfield code="2">rdamedia</subfield>
  </datafield>
  <datafield tag="338" ind1=" " ind2=" ">
    <subfield code="a">volume</subfield>
    <subfield code="b">nc</subfield>
    <subfield code="2">rdacarrier</subfield>
  </datafield>
  <datafield tag="504" ind1=" " ind2=" ">
    <subfield code="a">Includes bibliographical references (pages 285-290) and index.</subfield>
  </datafield>
  <datafield tag="520" ind1=" " ind2=" ">
    <subfield code="a">&quot;Judith Wright (1915-2000) remains a giant figure within Australian art, culture and politics. Her 1946 collection of poetry, The Moving Image, revolutionised Australian poetry. She helped to establish the modern Australian environmental movement and was a key player in early campaigns for Aboriginal land rights. A friend and confidante of artists, writers, scholars, activists and policy makers - she remains an inspiration to many. And yet, as Georgina Arnott is able to show in this major new work, the biographical picture we have had of this renowned poet-activist has been very much a partial one. This book presents a more human figure than we have previously seen, and concentrates on Wright&apos;s younger years. New material allows us to hear, directly, thrillingly, the feisty voice of a young Judith Wright and forces us to reconsider the woman we thought we knew.&quot;--Back cover.</subfield>
  </datafield>
  <datafield tag="505" ind1="0" ind2=" ">
    <subfield code="a">ch. 1 The Wyndham World -- ch. 2 The New England Wrights -- ch. 3 A Childhood Unravelled -- ch. 4 Becoming Modern -- ch. 5 A Very Model Student -- ch. 6 The Shaping of an Intellect -- ch. 7 Campus Literary Discussion -- ch. 8 The Poems That Came Before.</subfield>
  </datafield>
  <datafield tag="600" ind1="1" ind2="0">
    <subfield code="a">Wright, Judith,</subfield>
    <subfield code="d">1915-2000.</subfield>
  </datafield>
  <datafield tag="600" ind1="1" ind2="0">
    <subfield code="a">Wright, Judith,</subfield>
    <subfield code="d">1915-2000</subfield>
    <subfield code="x">Childhood and youth.</subfield>
  </datafield>
  <datafield tag="650" ind1=" " ind2="0">
    <subfield code="a">Poets, Australian</subfield>
    <subfield code="y">20th century</subfield>
    <subfield code="v">Biography.</subfield>
  </datafield>
  <datafield tag="650" ind1=" " ind2="0">
    <subfield code="a">Women environmentalists</subfield>
    <subfield code="z">Australia</subfield>
    <subfield code="v">Biography.</subfield>
  </datafield>
</record>